% This file was created with JabRef 2.9.2.
% Encoding: UTF8

@BOOK{,
  title = {},
  publisher = {Delft University of Technology},
  year = {},
  author = {},
  owner = {},
  timestamp = {}
}

@DOCUMENT{Challenge,
	title = {},
    year = {},
    timestamp = {}
}