% This file was created with JabRef 2.9.2.
% Encoding: UTF8

% Template for a book:
% @BOOK{,
% title = {},
% publisher = {Delft University of Technology},
% year = {},
% author = {},
% owner = {},
% timestamp = {}
% }

% Template for a document:
% @DOCUMENT{Challenge,
% title = {},
% year = {},
% timestamp = {}
% }

% Het toevoegen van een URL is al klote in BibTeX, maar door de TU Delft bibliografie stijl zijn er nog minder opties over...
@MISC{Tijdscodering,
key = {Physikalisch-Technische Bundesanstalt (PTB)},
title = {DCF77 Zeitkode},
url = {http://www.ptb.de/cms/fachabteilungen/abt4/fb-44/ag-442/verbreitung-der-gesetzlichen-zeit/dcf77/zeitcode.html},
note = {Geraadpleegd op 08-12-2014, url: www.ptb.de/cms/fachabteilungen/abt4/fb-44/ag-442/verbreitung-der-gesetzlichen-zeit/dcf77/zeitcode.html}
}

@MISC{Tijdwiki,
key = {Wikipedia},
title = {DCF77},
url = {http://en.wikipedia.org/wiki/DCF77},
note = {Geraadpleegd op 08-12-2014, url: en.wikipedia.org/wiki/DCF77}
}

@MISC{BCDinfo,
author = {Wells, Christopher J.},
key = {TechnologyUK},
title = {Mathematics - Number systems - Binary-Coded-Decimal},
url = {http://www.technologyuk.net/mathematics/number_systems/binary_coded_decimal.shtml},
note = {Geraadpleegd op 12-12-2014, url: www.technologyuk.net/mathematics/number\_systems/binary\_coded\_decimal.shtml}
}

@MISC{
	key = {Wikipedia},
	title = {SPI},
	url = {http://nl.wikipedia.org/wiki/Serial_Peripheral_Interface},
	note = {Geraadpleegd op 20-12-2014, url: http://nl.wikipedia.org/wiki/Serial_Peripheral_Interface}
}

@MISC{Datasheet_micro,
	key = {Atmel},
	title = {Atmega 32},
	publisher = {Atmel},
	url = {http://www.atmel.com/images/doc2503.pdf},
	note = {Geraadpleegd op 18 december 2014, url:http://www.atmel.com/images/doc2503.pdf}
}

@MISC{Datasheet_lcd,
	key = {MIDAS},
	title = {MC128064B6W-BNMLW},
	publisher = {MIDAS},
	url = {http://www.farnell.com/datasheets/1485456.pdf},
	note = {Geraadpleegd op 18 december 2014, url:http://www.farnell.com/datasheets/1485456.pdf}
}

@MISC{handleiding,
	 title = {Handleiding Practicum Ge\"integreerde Schakelingen en Project Ontwerp een Chip},
	 publisher = {Delft University of Technology},
	 year = {September 2014},
	 author = {A. Bakker and A. Frehe and A.J. van Genderen and S. de Graaf and P. Groeneveld and E.A. Hendriks and N.P. van der Meijs and R. Nouta and C. Verhoeven and J. Liedorp}
}



